
@book{gelman_regression_2021,
	title = {Regression and {Other} {Stories}},
	isbn = {978-1-107-02398-7},
	language = {en},
	publisher = {Cambridge University Press},
	author = {Gelman, Andrew and Hill, Jennifer and Vehtari, Aki},
	year = {2021}
}

@manual{R2024,
  title  = {R: A Language and Environment for Statistical Computing},
  author = {{R Core Team}},
  organization = {R Foundation for Statistical Computing},
  address = {Vienna, Austria},
  year   = {2024},
  url    = {https://www.R-project.org/}
}

@book{Wickham2016,
  title     = {ggplot2: Elegant Graphics for Data Analysis},
  author    = {Hadley Wickham},
  year      = {2016},
  publisher = {Springer},
  address   = {New York}
}

@book{kutner2005,
  title     = {Applied Linear Statistical Models},
  edition   = {5th},
  author    = {Kutner, Michael H. and Nachtsheim, Christopher J. and Neter, John and Li, William},
  year      = {2005},
  publisher = {McGraw-Hill/Irwin},
  address   = {New York}
}

@misc{OEHHA2021,
  title       = {CalEnviroScreen 4.0: Updated Analysis},
  author      = {{OEHHA}},
  year        = {2021},
  institution = {California Environmental Protection Agency},
  url         = {https://oehha.ca.gov/sites/default/files/media/downloads/calenviroscreen/report/calenviroscreen40reportf2021.pdf},
  note        = {Accessed September 15, 2025}
}

@misc{OEHHA_MapsData,
  title       = {CalEnviroScreen 4.0: Maps & Data},
  author      = {{OEHHA}},
  year        = {2021},
  institution = {California Environmental Protection Agency},
  url         = {https://oehha.ca.gov/calenviroscreen/maps-data},
  note        = {Accessed September 15, 2025}
}

@misc{oehha_calenviroscreen_dataset,
  author       = {{OEHHA}},
  title        = {CalEnviroScreen Data Hub},
  year         = {2021},
  url          = {https://calenviroscreen-oehha.hub.arcgis.com/#Data},
  note         = {Accessed September 11, 2025}
}

@article{cutler2006education,
  title   = {Education and Health: Evaluating Theories and Evidence},
  author  = {Cutler, David M. and Lleras-Muney, Adriana},
  journal = {NBER Working Paper Series},
  number  = {12352},
  year    = {2006},
  publisher = {National Bureau of Economic Research},
  url     = {https://www.nber.org/papers/w12352}
}

@article{zajacova2018,
  title   = {Education and Health: The Casual Association and Challenges},
  author  = {Zajacova, Anna and Lawrence, Elizabeth M.},
  journal = {Annual Review of Public Health},
  volume  = {39},
  pages   = {273--289},
  year    = {2018},
  doi     = {10.1146/annurev-publhealth-031816-044628}
}

@article{morello2006environmental,
  title   = {Environmental Justice and the Distribution of Pollution: The Case of California's Central Valley},
  author  = {Morello-Frosch, Rachel and Shenassa, Edmond D.},
  journal = {Environmental Health Perspectives},
  volume  = {114},
  number  = {12},
  pages   = {1810--1817},
  year    = {2006},
  doi     = {10.1289/ehp.9310}
}

@techreport{acs_census,
  title  = {American Community Survey Design and Methodology Report},
  author = {{U.S. Census Bureau}},
  year   = {2025},
  url    = {https://www.census.gov/programs-surveys/acs/},
  note   = {Accessed September 16, 2025}
}

@misc{census_portal,
  author = {{U.S. Census Bureau}},
  title  = {data.census.gov},
  year   = {2025},
  url    = {https://data.census.gov/cedsci/},
  note   = {Accessed September 16, 2025}
}

@article{robinson2014broom,
  title   = {broom: An R Package for Converting Statistical Analysis Objects into Tidy Data Frames},
  author  = {Robinson, David},
  journal = {arXiv preprint arXiv:1412.3565},
  year    = {2014},
  url     = {https://arxiv.org/abs/1412.3565}
}

@manual{readr,
  title        = {readr: Read Rectangular Text Data},
  author       = {Hadley Wickham and Jim Hester and Romain François},
  year         = {2023},
  note         = {R package version 2.1.4},
  url          = {https://CRAN.R-project.org/package=readr}
}

@manual{dplyr,
  title = {dplyr: A Grammar of Data Manipulation},
  author = {Hadley Wickham and Romain François and Lionel Henry and Kirill Müller and Davis Vaughan},
  year = {2025},
  note = {R package version 1.1.4},
  url = {https://dplyr.tidyverse.org},
}

@manual{Xie2015,
  title     = {Dynamic Documents with R and knitr},
  author    = {Xie, Yihui},
  year      = {2015},
  edition   = {2nd},
  publisher = {Chapman and Hall/CRC},
  address   = {Boca Raton, Florida},
  url       = {https://yihui.org/knitr/}
}

@manual{scales,
  title        = {scales: Scale Functions for Visualization},
  author       = {Hadley Wickham and Dana Seidel},
  year         = {2022},
  note         = {R package version 1.2.1},
  url          = {https://CRAN.R-project.org/package=scales}
}

@manual{qqplotr,
  title        = {qqplotr: Quantile-Quantile Plots for ggplot2},
  author       = {Luis Augusto Perdigão do Nascimento},
  year         = {2019},
  note         = {R package version 0.0.5},
  url          = {https://CRAN.R-project.org/package=qqplotr}
}

